// 在这里写你的参考文献，论文引用推荐使用 Google Scholar 直接粘贴 BibTeX 格式文献，非常方便！
// custom
// BibTex type https://zh.wikipedia.org/wiki/BibTeX

// https://newzoo.com/insights/trend-reports/newzoo-global-games-market-report-2021-free-chinese-version/
@techreport{newzoo2021report,
  author     = {{Newzoo}},
  title      = {2021全球游戏市场报告},
  address    = {Amsterdam},
  publisher  = {Newzoo},
  year       = {2021},
}

@techreport{TDT,
  author     = {{Newzoo}},
  title      = {2021全球游戏市场报告},
  address    = {Amsterdam},
  publisher  = {Newzoo},
  year       = {2021},
}

@techreport{TDT-disad,
  author     = {{Newzoo}},
  title      = {2021全球游戏市场报告},
  address    = {Amsterdam},
  publisher  = {Newzoo},
  year       = {2021},
}

@techreport{SG,
  author     = {{Newzoo}},
  title      = {2021全球游戏市场报告},
  address    = {Amsterdam},
  publisher  = {Newzoo},
  year       = {2021},
}

@techreport{Ansah,
  author     = {{Newzoo}},
  title      = {2021全球游戏市场报告},
  address    = {Amsterdam},
  publisher  = {Newzoo},
  year       = {2021},
}

@techreport{CRP,
  author     = {{Newzoo}},
  title      = {2021全球游戏市场报告},
  address    = {Amsterdam},
  publisher  = {Newzoo},
  year       = {2021},
}

@techreport{model-category,
  author     = {{Newzoo}},
  title      = {2021全球游戏市场报告},
  address    = {Amsterdam},
  publisher  = {Newzoo},
  year       = {2021},
}


@article{CorAna-Si,
  author={Si, Jiasheng and Guo, Linsen and Zhou, Deyu},
  title={Unsupervised latent event representation learning and storyline extraction from news articles based on neural networks},
  journal={Intelligent Data Analysis},
  volume={25},
  number={3},
  pages={589--603},
  year={2021}
}

@article{CorAna-Liu,
  author={Liu, Bang and Han, Fred X and Niu, Di and Kong, Linglong and Lai, Kunfeng and Xu, Yu},
  title={Story forest: Extracting events and telling stories from breaking news},
  journal={ACM Transactions on Knowledge Discovery from Data (TKDD)},
  volume={14},
  number={3},
  pages={1--28},
  year={2020}
}

@Conference{FeaModel-Hua,
  author={Hua, Ting and Zhang, Xuchao and Wang, Wei and Lu, Chang-Tien and Ramakrishnan, Naren},
  title={Automatical storyline generation with help from twitter},
  booktitle={Proceedings of the 25th ACM International on Conference on Information and Knowledge Management},
  pages={2383--2388},
  year={2016}
}

@mastersthesis {FeaModel-Zhao,
  author = { 赵天资 },
  title = {基于Biterm主题模型的新闻线索生成方法},
  school = {云南大学},
  year = {2021}
}

@inproceedings{FeaModel-Kalyanam,
  author={Kalyanam, Janani and Velupillai, Sumithra and Conway, Mike and Lanckriet, Gert},
  title={From event detection to storytelling on microblogs},
  booktitle={2016 IEEE/ACM International Conference on Advances in Social Networks Analysis and Mining (ASONAM)},
  pages={437--442},
  year={2016},
  organization={IEEE}
}

@inproceedings{FeaModel-Zhou,
  author={{Zhou, Deyu and Guo, Linsen and He, Yulan}},
  title={Neural storyline extraction model for storyline generation from news articles},
  booktitle={Proceedings of the 2018 Conference of the North American Chapter of the Association for Computational Linguistics: Human Language Technologies, Volume 1 (Long Papers)},
  pages={1727--1736},
  year={2018}
}

@mastersthesis {FeaModel-ZhouJun,
  author = {周君},
  title = {基于图神经网络的网络舆情事件传播模型研究},
  school = {云南大学},
  year = {2022}
}

@inproceedings{GraphModel-Wang,
  author={Wang, Dingding and Li, Tao and Ogihara, Mitsunori},
  title={Generating pictorial storylines via minimum-weight connected dominating set approximation in multi-view graphs},
  booktitle={Proceedings of the AAAI Conference on Artificial Intelligence},
  volume={26},
  number={1},
  pages={683--689},
  year={2012}
}

@article{GraphModel-Li,
  author = {{李莹莹, 马帅, 蒋浩谊, 等}},
  title = {一种基于社交事件关联的故事脉络生成方法},
  journal = {计算机研究与发展},
  volume = {55},
  number = {1972-1986},
  year = {2018},
  issn = {1000-1239},
}

@inproceedings{GraphModel-Lin,
  author={Lin, Chen and Lin, Chun and Li, Jingxuan and Wang, Dingding and Chen, Yang and Li, Tao},
  title={Generating event storylines from microblogs},
  booktitle={Proceedings of the 21st ACM international conference on Information and knowledge management},
  pages={175--184},
  year={2012}
}

@incollection{GraphModel-Sun,
  author={Sun, Wenjin and Wang, Yuhang and Gao, Yuqi and Li, Zesong and Sang, Jitao and Yu, Jian},
  title={Comprehensive event storyline generation from microblogs},
  booktitle={Proceedings of the ACM Multimedia Asia},
  pages={1--7},
  year={2019}
}

@article{ GraphModel-LiuDong,
  author = {{刘东, 林川, 任丽娜, 等}},
  title = {面向热点新闻事件的层次化故事脉络生成方法},
  journal = {计算机应用},
  volume = {43},
  number = {2376-2381},
  year = {2023},
  issn = {1001-9081},
}

@mastersthesis {EvaMetrics-Li,
author = { 李思瑶 },
title = {面向热点事件的故事脉络生成系统的设计与实现},
school = {贵州大学},
year = {2022}
}

@inproceedings{EvaMetrics-bruggermann,
  author={Br{\"u}ggermann, Daniel and Hermey, Yannik and Orth, Carsten and Schneider, Darius and Selzer, Stefan and Spanakis, Gerasimos},
  title={Storyline detection and tracking using dynamic latent dirichlet allocation},
  booktitle={Proceedings of the 2nd workshop on computing news storylines (CNS 2016)},
  pages={9--19},
  year={2016}
}

@mastersthesis {EvaMetrics-Sun,
author = { 孙文锦 },
title = {基于图结构的热点新闻事件脉络分析方法研究},
school = {北京交通大学},
year = {2020}
}

@techreport{cnnic48report,
  author     = {{CNNIC}},
  title      = {第 48 次中国互联网络发展状况统计报告},
  address    = {北京},
  publisher  = {中国互联网络信息中心},
  year       = {2021},
  url        = {https://news.cctv.com/2021/08/27/ARTIAQ8bIAmQ68Vs88OMHnRa210827.shtml}
}

@techreport{rongmeiti20report,
  author     = {{新华网}},
  title      = {关于加快推进媒体深度融合发展的意见},
  address    = {北京},
  publisher  = {中共中央办公厅、国务院办公厅},
  year       = {2020},
  date       = {2020-09-26},
  url        = {http://www.qstheory.cn/yaowen/2020-09/26/c_1126543359.htm}
}

// 正能量报告 懂得都懂
@techreport{chinese145report,
  author     = {{中华人民共和国中央人民政府}},
  title      = {中华人民共和国国民经济和社会发展第十四个五年规划和2035年远景目标纲要},
  address    = {北京},
  publisher  = {新华社},
  year       = {2021},
  url        = {http://www.gov.cn/xinwen/2021-03/13/content_5592681.htm}
}

@techreport{newzoo2021cloudgame,
  author     = {腾讯研究院 and Newzoo},
  title      = {中国云游戏市场趋势报告（2021）},
  address    = {Amsterdam},
  publisher  = {Newzoo},
  year       = {2021},
}

// 我比较常用 online，毕竟真正很少翻书嘛
@online{babylonZXY,
  author     = {Babylon.js},
  title      = {src/Maths/math.vector.ts | Babylon.js},
  url        = {https://github.com/BabylonJS/Babylon.js/blob/master/src/Maths/math.vector.ts#L3631-L3633},
  year       = {2022-02-04},
}

@online{fountain,
  author     = {{John August and Nima Yousefi and Stu Maschwitz}},
  title      = {Fountain},
  urldate    = {2021-01-18},
  url        = {https://fountain.io/},
  year      = {2008}
}

@book{farin2000essentials,
  title={The essentials of CAGD},
  author={Farin, Gerald and Hansford, Dianne},
  year={2000},
  publisher={CRC Press}
}
